
@ARTICLE{ Metropolis,
   author = {{Metropolis}, N. and {Rosenbluth}, A.~W. and {Rosenbluth}, M.~N. and 
	{Teller}, A.~H. and {Teller}, E.},
    title = "{Equation of State Calculations by Fast Computing Machines}",
  journal = {jcp},
     year = 1953,
    month = jun,
   volume = 21,
    pages = {1087-1092},
      doi = {10.1063/1.1699114},
   adsurl = {http://adsabs.harvard.edu/abs/1953JChPh..21.1087M},
  adsnote = {Provided by the SAO/NASA Astrophysics Data System}
}


@book{Thebook,
	  Author = {M. E. J. Newman and G. T. Barkema},
	    Title = {Monte Carlo Methods in Statistical Physics},
		  Publisher = {Clarendon Press},
		    Year = {1999},
			chapter = 8,
			pages = {235},
			  ISBN = {0198517971},
			    URL = {http://www.amazon.com/Monte-Carlo-Methods-Statistical-Physics/dp/0198517971%3FSubscriptionId%3D0JYN1NVW651KCA56C102%26tag%3Dtechkie-20%26linkCode%3Dxm2%26camp%3D2025%26creative%3D165953%26creativeASIN%3D0198517971}
}

@article{Wolff,
	  title = {Collective Monte Carlo Updating for Spin Systems},
	    author = {Wolff, Ulli},
		  journal = {Phys. Rev. Lett.},
		    volume = {62},
			  issue = {4},
			    pages = {361--364},
				  numpages = {0},
				    year = {1989},
					  month = {Jan},
					    publisher = {American Physical Society},
						  doi = {10.1103/PhysRevLett.62.361},
						    url = {http://link.aps.org/doi/10.1103/PhysRevLett.62.361}
}

